<?xml version="1.0" encoding="UTF-8"?><record xmlns="http://www.loc.gov/MARC21/slim" xmlns:cinclude="http://apache.org/cocoon/include/1.0" xmlns:zs="http://www.loc.gov/zing/srw/">
  <leader>01361cz  a2200289n  4500</leader>
  <controlfield tag="001">n  83145557 </controlfield>
  <controlfield tag="003">DLC</controlfield>
  <controlfield tag="005">20130726075543.0</controlfield>
  <controlfield tag="008">831006n| azannaabn          |a aaa      </controlfield>
  <datafield tag="010" ind1=" " ind2=" ">
    <subfield code="a">n  83145557 </subfield>
    <subfield code="z">nr 96023044 </subfield>
  </datafield>
  <datafield tag="035" ind1=" " ind2=" ">
    <subfield code="a">(OCoLC)oca00974509</subfield>
  </datafield>
  <datafield tag="040" ind1=" " ind2=" ">
    <subfield code="a">DLC</subfield>
    <subfield code="b">eng</subfield>
    <subfield code="c">DLC</subfield>
    <subfield code="d">DLC</subfield>
    <subfield code="d">CLU</subfield>
    <subfield code="d">DLC</subfield>
    <subfield code="d">NcU-Mu</subfield>
    <subfield code="e">rda</subfield>
  </datafield>
  <datafield tag="046" ind1=" " ind2=" ">
    <subfield code="f">1901</subfield>
    <subfield code="g">19831211</subfield>
  </datafield>
  <datafield tag="100" ind1="1" ind2=" ">
    <subfield code="a">Laks, Szymon,</subfield>
    <subfield code="d">1901-1983</subfield>
  </datafield>
  <datafield tag="372" ind1=" " ind2=" ">
    <subfield code="a">Motion picture music</subfield>
    <subfield code="2">lcsh</subfield>
  </datafield>
  <datafield tag="373" ind1=" " ind2=" ">
    <subfield code="a">Birkenau (Concentration camp)</subfield>
    <subfield code="s">1942-07</subfield>
    <subfield code="2">naf</subfield>
  </datafield>
  <datafield tag="373" ind1=" " ind2=" ">
    <subfield code="a">Dachau (Concentration camp)</subfield>
    <subfield code="s">1944-10</subfield>
    <subfield code="2">naf</subfield>
  </datafield>
  <datafield tag="374" ind1=" " ind2=" ">
    <subfield code="a">Composers</subfield>
    <subfield code="a">Film composers</subfield>
    <subfield code="a">Authors</subfield>
    <subfield code="2">lcsh</subfield>
  </datafield>
  <datafield tag="375" ind1=" " ind2=" ">
    <subfield code="a">male</subfield>
  </datafield>
  <datafield tag="400" ind1="1" ind2=" ">
    <subfield code="a">Laks, Simon,</subfield>
    <subfield code="d">1901-1983</subfield>
  </datafield>
  <datafield tag="670" ind1=" " ind2=" ">
    <subfield code="a">His Dziennik pisany w biały dzień, 1981:</subfield>
    <subfield code="b">t.p. (Szymon Laks)</subfield>
  </datafield>
  <datafield tag="670" ind1=" " ind2=" ">
    <subfield code="a">LC data base, 9-28-83</subfield>
    <subfield code="b">(hdg.: Laks, Szymon, 1901- )</subfield>
  </datafield>
  <datafield tag="670" ind1=" " ind2=" ">
    <subfield code="a">His O kulturze z cudzysłowem i bez, 1984:</subfield>
    <subfield code="b">t.p. (Szymon Laks) p. 4 of cover (d. Dec. 11, 1983)</subfield>
  </datafield>
  <datafield tag="670" ind1=" " ind2=" ">
    <subfield code="a">Le sous-titrage de films, c1957:</subfield>
    <subfield code="b">t.p. (Simon Laks)</subfield>
  </datafield>
  <datafield tag="670" ind1=" " ind2=" ">
    <subfield code="a">Mélodies d'Auschwitz, 2004:</subfield>
    <subfield code="b">t.p. (Simon Laks)</subfield>
  </datafield>
  <datafield tag="670" ind1=" " ind2=" ">
    <subfield code="a">Boosey &amp; Hawkes WWW home page, viewed March 2, 2006 :</subfield>
    <subfield code="b">Simon Laks page (Simon Laks, 1901-1983; composer of art and film music, conductor, survivor of Auschwitz, wrote on film music)</subfield>
  </datafield>
  <datafield tag="670" ind1=" " ind2=" ">
    <subfield code="a">His 3e quatuor a cordes, 2012:</subfield>
    <subfield code="b">page 2 (deported to Auschwitz II-Birkenau July 1942; deported to Dachau October 1944)</subfield>
  </datafield>
</record>